@webpage{IOR,
	author = "rklundt",
	title = "IOR HPC Benchmark",
	organization = "GNU",
	url = "http://sourceforge.net/projects/ior-sio/",
	refdate = "2014-06-20"
}

@webpage{sshfs,
	author = "Miklos Szeredi",
	title = "SSH Filesystem",
	organization = "GNU",
	url = "http://fuse.sourceforge.net/sshfs.html",
	refdate = "2014-06-20"
}

@conference{checkpointing,
	author = "Kento Sato and Naoya Maruyama and Kathryn Mohror"#
		"and Adam Moody and Todd Gamblin and Bronis R. de Supinski and Satoshi Matsuoka",
	title = "Design and modeling of a non-blocking checkpointing system",
	organization = "SC '12",
	year = "2012"
}

@webpage{iperf,
	title = "Iperf",
	organization = "The Board of Trustees of the University of Illinois",
	url = "http://iperf.fr/",
	refdate = "2014-06-20"
}

@conference{optimal_job,
	author = "Yumiko Kasae and Masato Oguchi",
	title = "Proposal for an optimal job allocation method for data-intensive applications based on multiple costs balancing in a hybrid cloud environment",
	organization = "ICUIMC '13",
	year = "2013"
}
@webpage{AMAZON_AWS,
	title = "AMAZON AWS",
	organization = "AMAZON",
	url = "http://aws.amazon.com/",
	refdate = "2014-06-20"
}

@conference{cost_sensitive,
	author = "Tekin Bicer and David Chiu and Gagan Agrawai",
	title = "Time and Cost Sensitive Data-Intensive Computing on Hybrid Clouds",
	organization = "CCGRID '12",
	year = "2012"
}

@webpage{Eucalyptus,
	title = "Eucalyptus",
	organization = "Eucalyptus",
	url = "https://www.eucalyptus.com/",
	refdate = "2014-05-10"
}

@webpage{Stratos,
	title = "Stratos",
	organization = "Apache",
	url = "http://stratos.apache.org/",
	refdate = "2014-05-10"
}
@webpage{TSUBAME,
	title = "TSUBAME",
	organization = "gsic",
	url = "http://tsubame.gsic.titech.ac.jp/",
	refdate = "2014-05-20"
}
@conference{Workload,
	title = "Network-aware impact determination algorithms for service workflow deployment in hybrid clouds",
	author = "Hendrik Moens	and Eddy Truyen and Stefan Walraven and Wouter Joosen and Bart Dhoedt and Filip De Turck",
	organization = "CNSM '12",
	year = "2012"
}
@conference{Seagull,
	title = "Cost-Aware Cloud Bursting for Enterprise Applications",
	author = "Tian Guo and Upendra Sharma and Prashant Shenoy and Timothy Wood and Sambit Sahu",
	organization = "USENIX 2012 Annual Technical Conference",
	year = "2012"
}
@conference{ccgrid,
	title = "Bridging Data in the Clouds: An Environment-Aware System for Geographically Distributed Data Transfers",
	author = "Radu Tudoran and Alexandru Costan and Rui Wang and Luc BougeÃÅ and Gabriel Antoniu ",
	organization = "14th IEEE/ACM International Symposium on Cluster, Cloud and Grid Computing (2014)",
	year = "2014"
}

@conference{time_and_cost,
	title = "Time and Cost Sensitive Data-Intensive Computing on Hybrid Clouds",
	author = "Tekin Bicer and David Chiu and Gagan Agrawal",
	organization = "CCGRID '12 Proceedings of the 2012 12th IEEE/ACM International Symposium on Cluster, Cloud and Grid Computing (ccgrid 2012)",
	year = "2012"
}

@inproceedings{Scientific_Grand_Challenges_Crosscutting_Technologies_for_Computing_at_the_Exascale,
 author = {Brown, Devid L. and Messina, Paul},
 title = {Scientific Grand Challenges: Crosscutting Technologies for Computing at the Exascale},
 booktitle = {The Crosscutting workshop},
 year = {2010},
 location = {Washington, DC.},
} 

@inproceedings{Scientific_Grand_Challenges_in_National_Security_the_Role_of_Computing_at_the_Extreme_Scale,
 author = {Messina, Paul and Bishop, Alan},
 title = {Scientific Grand Challenges in National Security: the Role of Computing at the Extreme Scale},
 booktitle = {The National Security workshop},
 year = {2009},
 location = {Washington, DC.},
} 

@inproceedings{Exploring_Hardware_Overprovisioning_in_Power-constrained_High_Performance_Computing,
 author = {Patki, Tapasya and Lowenthal, David K. and Rountree, Barry and Schulz, Martin and de Supinski, Bronis R.},
 title = {Exploring Hardware Overprovisioning in Power-constrained, High Performance Computing},
 booktitle = {Proceedings of the 27th International ACM Conference on International Conference on Supercomputing},
 series = {ICS '13},
 year = {2013},
 isbn = {978-1-4503-2130-3},
 location = {Eugene, Oregon, USA},
 pages = {173--182},
 numpages = {10},
 url = {http://doi.acm.org/10.1145/2464996.2465009},
 doi = {10.1145/2464996.2465009},
 acmid = {2465009},
 publisher = {ACM},
 address = {New York, NY, USA},
 keywords = {high-performance computing, overprovisioned, power, rapl},
} 

@article{Operation_of_TSUBAME_2_0_Green_Supercomputer_dealing_with_Power_Crisis,
  author={Toshio, Endo and Satoshi, Matsuoka and Akira, Nukada and Masamichi, Nagasaka and Tadayasu, Yotsu},
  title={Operation of TSUBAME 2.0 Green Supercomputer dealing with Power Crisis},
  journal={IPSJ SIG Notes},
  publisher={Information Processing Society of Japan (IPSJ)},
  year={2011},
  month={nov},
  volume={2011},
  number={12},
  pages={1-9},
  URL="http://ci.nii.ac.jp/naid/110008713482/en/",
  DOI="",
}

@INPROCEEDINGS{Optimizing_Service_Level_Agreements_for_Autonomic_Cloud_Bursting_Schedulers, 
author={Kailasam, S. and Gnanasambandam, N. and Dharanipragada, J. and Sharma, N.}, 
booktitle={Parallel Processing Workshops (ICPPW), 2010 39th International Conference on}, 
title={Optimizing Service Level Agreements for Autonomic Cloud Bursting Schedulers}, 
year={2010}, 
month={Sept}, 
pages={285-294}, 
keywords={Internet;computer centres;document handling;parallel processing;scheduling;Internet;autonomic cloud bursting schedulers;data centers;data intensive computing;document processing workload;intercloud parallel processing;pay-as-you-go schemes;quadratic response surface model;service level agreement optimisation;time-of-day dependent bandwidth predictor;Bandwidth;Clouds;Integrated circuits;Measurement;Out of order;Real time systems;Response surface methodology;cloud-bursting;inter-cloud scheduling}, 
doi={10.1109/ICPPW.2010.54}, 
ISSN={1530-2016},}

@INPROCEEDINGS{A_Framework_for_Data-Intensive_Computing_with_Cloud_Bursting,
author={Bicer, T. and Chiu, D. and Agrawal, G.}, 
booktitle={Cluster Computing (CLUSTER), 2011 IEEE International Conference on}, 
title={A Framework for Data-Intensive Computing with Cloud Bursting}, 
year={2011}, 
month={Sept}, 
pages={169-177}, 
keywords={cloud computing;data analysis;cloud bursting;cloud resources;data analysis;data intensive computing;data set;hybrid cloud;map reduce type processing;remote data retrieval;software framework;Cloud computing;Data processing;Distributed databases;Organizations;Synchronization;Throughput;Cloud bursting;Data-intensive computing;Map-reduce}, 
doi={10.1109/CLUSTER.2011.21},}


@webpage{zlib,
	title = "zlib",
	organization ="private",
	url = "http://www.zlib.net/",
	refdate = "2014-05-20",
}
